@inproceedings{ilhan-kaplan-dualascent,
	author = {Hilmi Tunahan Ilhan and Derya Yiltas-Kaplan},
	title = {Changing Routing Module in Floodlight},
	eventtitle = {2\textsuperscript{th} International Conference on Electrical, Communication and Computer Engineering},
	eventtitleaddon = {ICECCE},
	venue = {Istanbul, Turkey},
	eventdate = {2020-06-12/2020-06-13},
	pages = {1--5},
	doi = {10.1109/ICECCE49384.2020.9179298}
}
